%% This BibTeX bibliography file was created using BibDesk.
%% http://bibdesk.sourceforge.net/


%% Created for Mak at 2011-07-01 23:12:31 +0200 


%% Saved with string encoding Unicode (UTF-8) 
@book{MetaphysikV,
  title={Metaphysik. Schriften zur Ersten Philosophie},
  year={1970},
  publisher={Reclam}
}

@book{PhysikII,
  title={Physik II 1},
  chapter=1,
}

@misc{WQ14,
  author = {{Wikiquote}},
  title = {{Nietzsche187c.jpg}},
  howpublished = "\url{https://de.wikiquote.org/wiki/Datei:Nietzsche187c.jpg}",
  year = {1869}, 
  note = "[Online; accessed 28-November-2017]"
}

@misc{WikiAR,
  author = {{Wikimedia Foundation Inc.}},
  title = {{Aristoteles}},
  howpublished = "\url{https://de.wikipedia.org/wiki/Aristoteles#/media/File:Aristotle_Altemps_Inv8575.jpg}",
  note = "[Online; accessed 26-November-2017]"
}

%% Grundlagen 

@book{ArtificialIntelligence,
  title={Artificial Intelligence},
  author={Elaine Rich, Kevin Knight},
  edition=2,
  year={1991},
  publisher={McGraw Hill Higher Education}
}

@book{PROPOSALMcCarthy, 
	title={A PROPOSAL FOR THE DARTMOUTH SUMMER RESEARCH PROJECT ON ARTIFICIAL INTELLIGENCE},
	author={J. McCarthy and M. L. Minsky and N. Rochester and C.E. Shannon},
    Timestamp = {2017.10.27},
    year={1955},
    month={August},
    day={31},
    url={http://www-formal.stanford.edu/jmc/history/dartmouth/dartmouth.html}	,
    note = "[Online; accessed 26-November-2017]"
}

@misc{SchachQuelle,
  author = {{André Schulz}},
  title = {{20 Jahre Kasparov gegen Deep Blue }},
  howpublished = "\url{http://de.chessbase.com/post/20-jahre-kasparov-gegen-deep-blue}",
  note = "[Online; accessed 26-November-2017]"
}

@misc{GoQuelle,
  author = {{Harald Bögeholz}},
  title = {{Google-KI schlägt menschlichen Profi-Spieler im Go}},
  howpublished = "\url{https://www.heise.de/newsticker/meldung/Google-KI-schlaegt-menschlichen-Profi-Spieler-im-Go-3085855.html}",
  note = "[Online; accessed 26-November-2017]"
}

@misc{WikiELIZA,
  author = {{Wikimedia Foundation Inc.}},
  title = {{ELIZA}},
  howpublished = "\url{https://en.wikipedia.org/wiki/ELIZA}",
  note = "[Online; accessed 26-November-2017]"
}

@misc{UnternehmenChatbots,
  author = {{Pirmin Breninek}},
  title = {{Chatbots: Diese deutschen Unternehmen setzen bereits auf Marketing im Messenger}},
  howpublished = "\url{http://t3n.de/news/chatbots-messenger-marketing-2-837706/}",
  note = "[Online; accessed 26-November-2017]"
}

@misc{UnivOfReading,
  title = {{Turing Test success marks milestone in computing history}},
  howpublished = "\url{http://www.reading.ac.uk/news-and-events/releases/PR583836.aspx}",
  note = "[Online; accessed 26-November-2017]"
}

@misc{BitkomChatbot,
  title = {{Jeder Vierte will Chatbots nutzen}},
  howpublished = "\url{https://www.bitkom.org/Presse/Presseinformation/Jeder-Vierte-will-Chatbots-nutzen.html}",
  note = "[Online; accessed 26-November-2017]"
}







%% http://www.opera-platonis.de/Theaitetos.pdf
%% https://www.youtube.com/watch?v=-k3ex9nZf1o


